@article{us2012autonomy,
	title={Autonomy in Weapon Systems.},
	author={US Department of Defense},
	journal={Directive 3000.09},
	year={2012},
	publisher={US Department of Defense Washington, DC}
}


@article{taeihagh2019governing,
	title={Governing autonomous vehicles: emerging responses for safety, liability, privacy, cybersecurity, and industry risks},
	author={Taeihagh, Araz and Lim, Hazel Si Min},
	journal={Transport Reviews},
	volume={39},
	number={1},
	pages={103--128},
	year={2019},
	publisher={Taylor \& Francis}
}

@article{bekey2008autonomous,
	title={Autonomous Military Robotics: Risk, Ethics, and Design},
	author={Bekey, George and Abney, Keith},
	journal={Washington, DC: US Department of the Navy, Office of Naval Research},
	year={2008}
}

@techreport{whitmore2016evolution,
	title={Evolution of unmanned aerial warfare: a historical look at remote airpower-a case study in innovation},
	author={Whitmore, Bishane A},
	year={2016},
	institution={US Army Command and General Staff College Fort Leavenworth United States}
}

@book{zaloga2011unmanned,
	title={Unmanned aerial vehicles: robotic air warfare 1917--2007},
	author={Zaloga, Steven J},
	year={2011},
	publisher={Bloomsbury Publishing}
}

@article{villar2016unmanned,
	title={UNMANNED GROUND SYSTEMS IN FUTURE WARFARE},
	author={Villar, Victor},
	journal={DIGITAL INFANTRY BATTLEFIELD SOLUTION},
	pages={23},
	year={2016}
}

@article{noorman2014negotiating,
	title={Negotiating autonomy and responsibility in military robots},
	author={Noorman, Merel and Johnson, Deborah G},
	journal={Ethics and Information Technology},
	volume={16},
	number={1},
	pages={51--62},
	year={2014},
	publisher={Springer}
}

@article{Hellstrom2013-HELOTM-2,
	title = {On the Moral Responsibility of Military Robots},
	number = {2},
	pages = {99--107},
	journal = {Ethics and Information Technology},
	doi = {10.1007/s10676-012-9301-2},
	volume = {15},
	author = {Thomas Hellstr\"om},
	publisher = {Springer Verlag},
	year = {2013}
}

@article{anderson2013law,
	title={Law and ethics for autonomous weapon systems: Why a ban won't work and how the laws of war can},
	author={Anderson, Kenneth and Waxman, Matthew C},
	year={2013},
	publisher={Stanford University, The Hoover Institution (Jean Perkins Task Force on~â€¦}
}

@article{umbrello2020future,
	title={The future of war: could lethal autonomous weapons make conflict more ethical?},
	author={Umbrello, Steven and Torres, Phil and De Bellis, Angelo F},
	journal={AI \& SOCIETY},
	volume={35},
	number={1},
	pages={273--282},
	year={2020},
	publisher={Springer}
}

@article{etzioni2017pros,
	title={Pros and cons of autonomous weapons systems},
	author={Etzioni, Amitai and Etzioni, Oren},
	journal={Military Review, May-June},
	year={2017}
}

@techreport{guetlein2005lethal,
	title={Lethal autonomous weapons--ethical and doctrinal implications},
	author={Guetlein, Michael A},
	year={2005},
	institution={NAVAL WAR COLL NEWPORT RI JOINT MILITARY OPERATIONS DEPT}
}

@techreport{anderson2015autonomous,
	title={Autonomous Systems: Issues for Defence Policymakers},
	author={Anderson, James M and Arbour, Benoit and Arnold, Roberta and Kadiofsky, Thomas and Keeley, Tom and MacLeod, Matthew R and Bourdon, Sean and Crootof, Rebecca and Matsumura, John and Mayer, Chris and others},
	year={2015},
	institution={NATO SUPREME ALLIED COMMAND TRANSFORMATION NORFOLK VA NORFOLK}
}

@techreport{sheridan1978human,
  title={Human and computer control of undersea teleoperators},
  author={Sheridan, Thomas B and Verplank, William L},
  year={1978},
  institution={Massachusetts Inst of Tech Cambridge Man-Machine Systems Lab}
}
